@article{ditrendia2019informe,
  title={Informe di trendia: Mobile en Espa{\~n}a y en el Mundo 2019},
  author={Rivero, Fernando},
  year=2019,
  webpage={https://mktefa.ditrendia.es/hubfs/Ditrendia-Informe%20Mobile%202019.pdf}
}

@article{informeceguera,
	title={Informe sobre la ceguera en Espa{\~n}a},
	author={Gómez Ulla, Fernando},
	publisher = {Fundación Retina+ and Ernest & Young},
	webpage={http://www.seeof.es/archivos/articulos/adjunto_20_1.pdf}
}

@article{envision,
	title={Challenges blind people face when living life},
	author={Envision},
	year= 2019,
	webpage={https://www.letsenvision.com/blog/challenges-blind-people-face-when-living-life}
	
}

@misc{wayfindrOnline,
	author = {Varios Autores},
	title = {Wayfindr},
	year = {2014},
	howpublished = "url{https://www.wayfindr.net/}"
}

@misc{lazarilloOnline,
	author = {Varios Autores},
	title = {Lazarillo},
	year = {2014},
	howpublished = "url{https://www.lazarillo.app/es/}"
}
